@article{venkatraman2005generic,
  title={A generic framework for constrained optimization using genetic algorithms},
  author={Venkatraman, Sangameswar and Yen, Gary G},
  journal={Evolutionary Computation, IEEE Transactions on},
  volume={9},
  number={4},
  pages={424--435},
  year={2005},
  publisher={IEEE}
}

@inproceedings{shi1998modified,
  title={A modified particle swarm optimizer},
  author={Shi, Yuhui and Eberhart, Russell},
  booktitle={Evolutionary Computation Proceedings, 1998. IEEE World Congress on Computational Intelligence., The 1998 IEEE International Conference on},
  pages={69--73},
  year={1998},
  organization={IEEE}
}

@inproceedings{eberhart2001particle,
  title={Particle swarm optimization: developments, applications and resources},
  author={Eberhart, Russell C and Shi, Yuhui},
  booktitle={Evolutionary Computation, 2001. Proceedings of the 2001 Congress on},
  volume={1},
  pages={81--86},
  year={2001},
  organization={IEEE}
}

@article{gottschalk2002introduction,
  title={Introduction to web services architecture},
  author={Gottschalk, Karl and Graham, Stephen and Kreger, Heather and Snell, James},
  journal={IBM systems Journal},
  volume={41},
  number={2},
  pages={170--177},
  year={2002}
}

@article{dustdar2008services,
  title={Services and Service Composition--An Introduction (Services und Service Komposition--Eine Einf{\"u}hrung)},
  author={Dustdar, Shahram and Papazoglou, Mike P},
  journal={IT - Information Technology (vormals it+ ti)},
  volume={50},
  number={2/2008},
  pages={86--92},
  year={2008}
}

@article{milanovic2004current,
  title={Current solutions for web service composition},
  author={Milanovic, Nikola and Malek, Miroslaw},
  journal={IEEE Internet Computing},
  volume={8},
  number={6},
  pages={51--59},
  year={2004},
  publisher={IEEE Computer Society}
}

@incollection{lecue2006formal,
  title={A formal model for semantic web service composition},
  author={L{\'e}cu{\'e}, Freddy and L{\'e}ger, Alain},
  booktitle={The Semantic Web-ISWC 2006},
  pages={385--398},
  year={2006},
  publisher={Springer}
}

@inproceedings{gronmo2005model,
  title={Model-driven semantic Web service composition},
  author={Gr{\o}nmo, Roy and Jaeger, Michael C},
  booktitle={Software Engineering Conference, 2005. APSEC'05. 12th Asia-Pacific},
  pages={8--pp},
  year={2005},
  organization={IEEE}
}

@article{menasce2002qos,
  title={{QoS} issues in web services},
  author={Menasce, Daniel},
  journal={Internet Computing, IEEE},
  volume={6},
  number={6},
  pages={72--75},
  year={2002},
  publisher={IEEE}
}

@inproceedings{yu2013adaptive,
  title={An adaptive genetic programming approach to {QoS}-aware web services composition},
  author={Yu, Yang and Ma, Hui and Zhang, Mengjie},
  booktitle={IEEE Congress on Evolutionary Computation (CEC)},
  pages={1740--1747},
  year={2013},
  organization={IEEE}
}

@inproceedings{srivastava2003web,
  title={Web service composition-current solutions and open problems},
  author={Srivastava, Biplav and Koehler, Jana},
  booktitle={ICAPS 2003 workshop on Planning for Web Services},
  volume={35},
  pages={28--35},
  year={2003}
}

@inproceedings{tang2010hybrid,
  title={A hybrid genetic algorithm for the optimal constrained web service selection problem in web service composition},
  author={Tang, Maolin and Ai, Lifeng},
  booktitle={Evolutionary Computation (CEC), 2010 IEEE Congress on},
  pages={1--8},
  year={2010},
  organization={IEEE}
}

@article{sheng2014web,
  title={Web services composition: A decadeâ€™s overview},
  author={Sheng, Quan Z and Qiao, Xiaoqiang and Vasilakos, Athanasios V and Szabo, Claudia and Bourne, Scott and Xu, Xiaofei},
  journal={Information Sciences},
  volume={280},
  pages={218--238},
  year={2014},
  publisher={Elsevier}
}

@incollection{da2015graphevol,
year={2015},
isbn={978-3-319-22851-8},
booktitle={Database and Expert Systems Applications},
volume={9262},
series={Lecture Notes in Computer Science},
editor={Chen, Qiming and Hameurlain, Abdelkader and Toumani, Farouk and Wagner, Roland and Decker, Hendrik},
doi={10.1007/978-3-319-22852-5_12},
title={GraphEvol: A Graph Evolution Technique for Web Service Composition},
publisher={Springer International Publishing},
author={da Silva, AlexandreSawczuk and Ma, Hui and Zhang, Mengjie},
pages={134-142},
language={English}
}

@article{cardoso2004quality,
title = "Quality of service for workflows and web service processes ",
journal = "Web Semantics: Science, Services and Agents on the World Wide Web ",
volume = "1",
number = "3",
pages = "281 - 308",
year = "2004",
note = "",
issn = "1570-8268",
doi = "http://dx.doi.org/10.1016/j.websem.2004.03.001",
author = "Jorge Cardoso and Amit Sheth and John Miller and Jonathan Arnold and Krys Kochut",
keywords = "Web service quality of service",
keywords = "Web process quality of service",
keywords = "Workflow quality of service",
keywords = "Predictive quality of service",
keywords = "Business process management",
keywords = "Workflow management systems "
}

@inproceedings{jaeger2007qos,
  title={QoS-based selection of services: The implementation of a genetic algorithm},
  author={Jaeger, Michael C and M{\"u}hl, Gero},
  booktitle={Communication in Distributed Systems (KiVS), 2007 ITG-GI Conference},
  pages={1--12},
  year={2007},
  organization={VDE}
}

@inproceedings{zeng2003quality,
  title={Quality driven web services composition},
  author={Zeng, Liangzhao and Benatallah, Boualem and Dumas, Marlon and Kalagnanam, Jayant and Sheng, Quan Z},
  booktitle={Proceedings of the 12th international conference on World Wide Web},
  pages={411--421},
  year={2003},
  organization={ACM}
}

@inproceedings{wang2013genetic,
  title={Genetic Programming with Greedy Search for Web Service Composition},
  author={Wang, Anqi and Ma, Hui and Zhang, Mengjie},
  booktitle={Database and Expert Systems Applications},
  pages={9--17},
  year={2013},
  organization={Springer}
}

@article{blum1997fast,
  title={Fast planning through planning graph analysis},
  author={Blum, Avrim L and Furst, Merrick L},
  journal={Artificial Intelligence},
  volume={90},
  number={1},
  pages={281--300},
  year={1997},
  publisher={Elsevier}
}

@inproceedings{bansal2008wsc,
  title={WSC-08: continuing the web services challenge},
  author={Bansal, Ajay and Blake, M Brian and Kona, Srividya and Bleul, Steffen and Weise, Thomas and Jaeger, Michael C},
  booktitle={E-Commerce Technology and the Fifth IEEE Conference on Enterprise Computing, E-Commerce and E-Services, 2008 10th IEEE Conference on},
  pages={351--354},
  year={2008},
  organization={IEEE}
}

@inproceedings{kona2009wsc,
  title={WSC-2009: a quality of service-oriented web services challenge},
  author={Kona, Srividya and Bansal, Ajay and Blake, M Brian and Bleul, Steffen and Weise, Thomas},
  booktitle={Commerce and Enterprise Computing, 2009. CEC'09. IEEE Conference on},
  pages={487--490},
  year={2009},
  organization={IEEE}
}

@book{koza1992genetic,
  title={Genetic programming: on the programming of computers by means of natural selection},
  author={Koza, John R},
  volume={1},
  year={1992},
  publisher={MIT press}
}

@incollection{NguyenEvoStar2015,
	year={2015},
	author = {Nguyen, HoaiBach and Xue, Bing and Liu, Ivy and Andreae, Peter and Zhang, Mengjie},
	booktitle = {Applications of Evolutionary Computation},
	doi = {10.1007/978-3-319-16549-3_44},
	editor = {Mora, Antonio M. and Squillero, Giovanni},
	isbn = {978-3-319-16548-6},
	keywords = {Particle swarm optimisation; Feature selection; Representation; Gaussian distribution; Classification},
	language = {English},
	pages = {541--553},
	publisher = {Springer International Publishing},
	series = {Lecture Notes in Computer Science},
	title = {Gaussian Transformation Based Representation in Particle Swarm Optimisation for Feature Selection},
	volume = {9028}
}

@INPROCEEDINGS{filterWrapperCEC2015,
author={Butler-Yeoman, Tony and Xue, Bing and Zhang, Mengjie},
booktitle={Evolutionary Computation (CEC), 2015 IEEE Congress on},
title={Particle swarm optimisation for feature selection: A hybrid filter-wrapper approach},
year={2015},
month={May},
doi={10.1109/CEC.2015.7257186},
pages={2428-2435},
}